@Manual{R-base,
  title = {R: A Language and Environment for Statistical
    Computing},
  author = {{R Core Team}},
  organization = {R Foundation for Statistical Computing},
  address = {Vienna, Austria},
  year = {2016},
  url = {https://www.R-project.org/},
}

@proceedings{Learning-Analytics-Conference,
  title = {1st International Conference on Learning Analytics and Knowledge}, 
  year = {2011} ,
  address = {Banff, Alberta},
  url = {https://tekri.athabascau.ca/analytics/},
}

@article{EDUCAUSE, 
  title = {Penetrating the Fog: Analytics in Learning and Educaton},
  author = {Phil {Long} and George {Siemens}},
  volume = {September/October}
  journal = {EDUCAUSE Review}
  year = {2011}, 
  url = {https://er.educause.edu/articles/2011/9/penetrating-the-fog-analytics-in-learning-and-education},
}
 
 
@misc{FutureLearn,
  title = {The power of social learning: an effective way to learn},
  author = {FutureLearn},
  url = {https://www.futurelearn.com/using-futurelearn/why-it-works},
}

@article{E-learning,
  title = {Assessment of the influence of adaptive E-learning on learning effectiveness of primary school puplis},
  author = {S. {Hubalovsky}, M. {Hubalovska} and M. {Musilek}},
  volume = {92},
  year = {2018},
  journal = {Computers in Human Behaviour}, 
  url = {https://doi.org/10.1016/j.chb.2018.05.033},
}

@techreport{Bricks,
  title = {From Bricks to Clicks},
  author = {Xanthe Shacklock}
  institution = {{Policy Connect} and {Higher Education Commission}}
  year = {2016}
}